
@article{lawson1972transforming,
  title={Transforming triangulations},
  author={Lawson, Charles L},
  journal={Discrete mathematics},
  volume={3},
  number={4},
  pages={365--372},
  year={1972},
  publisher={Elsevier}
}


@article{bowyer1981computing,
  title={Computing dirichlet tessellations},
  author={Bowyer, Adrian},
  journal={The computer journal},
  volume={24},
  number={2},
  pages={162--166},
  year={1981},
  publisher={Oxford University Press}
}


@article{watson1981computing,
  title={Computing the n-dimensional {Delaunay} tessellation with application to {Voronoi} polytopes},
  author={Watson, David F},
  journal={The computer journal},
  volume={24},
  number={2},
  pages={167--172},
  year={1981},
  publisher={Oxford University Press}
}


@article{pachner1991pl,
  title={{PL} homeomorphic manifolds are equivalent by elementary shellings},
  author={Pachner, Udo},
  journal={European journal of Combinatorics},
  volume={12},
  number={2},
  pages={129--145},
  year={1991},
  publisher={Elsevier}
}


@book{hatcher2002algebraic,
  title={Algebraic Topology},
  author={Hatcher, Allen},
  year={2002},
  publisher={Cambridge University Press}
}


@article{harris2020array,
  title={Array programming with {NumPy}},
  author={Harris, Charles R and Millman, K Jarrod and Van Der Walt, St{\'e}fan J and Gommers, Ralf and Virtanen, Pauli and Cournapeau, David and Wieser, Eric and Taylor, Julian and Berg, Sebastian and Smith, Nathaniel J and others},
  journal={Nature},
  volume={585},
  number={7825},
  pages={357--362},
  year={2020},
  publisher={Nature Publishing Group}
}
